<mjloggm ver="2.3"><GO type="169" lobby="0"/><UN n0="%73%61%6B%61%69%36%37" n1="%E8%A1%9B%E8%97%A4%E7%BE%8E%E5%BD%A9" n2="%E3%81%BF%E3%81%A3%E3%81%BA%E3%83%BC" n3="%E7%95%99%E3%83%81%E3%83%A7%E3%83%AD" dan="16,16,16,16" rate="2159.00,2119.14,2146.96,2075.41" sx="M,M,M,M"/><TAIKYOKU oya="0"/><INIT seed="0,0,0,4,4,22" ten="250,250,250,250" oya="0" hai0="72,41,97,122,89,3,101,126,92,38,69,21,9" hai1="123,90,86,93,96,103,132,52,67,77,111,71,24" hai2="55,75,121,15,95,36,46,110,39,42,127,79,5" hai3="11,32,76,13,8,116,0,14,35,91,57,16,129"/><T48/><D122/><U34/><E123/><V112/><F121/><W44/><G116/><T29/><D69/><U7/><E111/><V104/><F104/><W2/><G76/><T70/><D70/><U20/><E132/><V45/><F112/><W26/><G44/><T81/><D126/><U88/><E34/><N who="3" m="12842" /><G91/><T66/><D66/><U27/><E67/><V43/><F110/><W18/><G129/><T37/><D3/><N who="3" m="1065" /><G57/><T109/><D9/><N who="3" m="3657" /><G26/><N who="1" m="9770" /><E71/><V33/><F75/><W114/><G114/><T135/><D109/><U28/><E7/><V115/><F5/><W107/><G107/><T99/><D38/><U61/><E77/><V133/><F115/><W64/><G64/><T134/><D37/><U100/><E28/><V19/><F79/><W124/><G124/><T117/><D29/><U118/><E118/><V131/><F127/><W25/><G25/><T119/><D21/><U87/><E20/><V6/><F33/><W62/><G62/><T10/><D10/><U106/><E106/><V31/><F31/><W59/><G59/><T53/><D41/><U12/><E12/><AGARI ba="0,0" hai="12,13,14,16,18" m="3657,1065,12842" machi="12" ten="40,16000,3" yaku="28,2,35,5,54,1" doraHai="22" who="3" fromWho="1" sc="250,0,250,-160,250,0,250,160" /><INIT seed="1,0,0,3,3,8" ten="250,90,250,410" oya="1" hai0="38,90,129,62,88,25,63,44,67,120,91,30,20" hai1="68,12,117,94,69,121,134,59,24,98,72,39,29" hai2="50,96,66,84,124,58,9,89,35,31,130,113,60" hai3="26,81,54,122,18,3,128,135,10,83,27,112,23"/><U40/><E121/><V13/><F130/><W51/><G112/><T73/><D73/><U97/><E117/><V126/><F113/><W45/><G122/><T131/><D120/><U41/><E72/><V36/><F36/><W114/><G114/><T46/><D38/><U64/><E134/><V70/><F35/><W56/><G128/><N who="0" m="49227" /><D63/><U15/><E39/><V133/><F31/><W125/><G125/><T0/><D0/><U4/><E4/><V74/><F74/><W99/><G135/><T86/><D86/><U77/><E77/><V76/><F76/><W14/><G3/><T132/><D132/><U32/><E68/><AGARI ba="0,0" hai="20,25,30,44,46,62,67,68,88,90,91" m="49227" machi="68" ten="30,2000,0" yaku="19,1,54,1" doraHai="8" who="0" fromWho="1" sc="250,20,90,-20,250,0,410,0" /><INIT seed="2,0,0,0,2,30" ten="270,70,250,410" oya="2" hai0="44,72,68,38,25,108,134,86,8,29,34,119,126" hai1="103,36,70,7,39,20,40,42,60,17,98,109,63" hai2="56,35,57,117,131,2,71,28,66,106,84,4,6" hai3="127,116,112,135,32,33,90,93,87,99,13,125,52"/><V49/><F117/><W91/><G135/><T104/><RYUUKYOKU type="yao9" ba="0,0" sc="270,0,70,0,250,0,410,0" hai0="8,25,29,34,38,44,68,72,86,104,108,119,126,134" /><INIT seed="2,1,0,5,4,92" ten="270,70,250,410" oya="2" hai0="135,82,110,25,77,10,73,16,115,79,106,59,15" hai1="120,87,90,12,49,81,88,24,33,70,28,89,53" hai2="118,128,20,101,17,23,14,11,104,131,37,121,96" hai3="67,94,56,103,58,62,64,95,40,6,75,46,63"/><V9/><F118/><W119/><G119/><T74/><D110/><U72/><E70/><V47/><F121/><W108/><G108/><T51/><D135/><U97/><E120/><V112/><F112/><W22/><G75/><T127/><D127/><U32/><E32/><V50/><F37/><W123/><G123/><T43/><D115/><U91/><E72/><V99/><F23/><W86/><G6/><T122/><D106/><U19/><E89/><V71/><F71/><W68/><G68/><T55/><D122/><U113/><E113/><V4/><F99/><W29/><G86/><T44/><D25/><U48/><E48/><V45/><F9/><W111/><G111/><T124/><D124/><U35/><E35/><V100/><F100/><W66/><G66/><T78/><REACH who="0" step="1"/><D73/><REACH who="0" ten="260,70,250,410" step="2"/><U1/><E1/><V114/><F114/><W126/><G126/><T69/><D69/><U13/><E13/><V2/><REACH who="2" step="1"/><F45/><REACH who="2" ten="260,70,240,410" step="2"/><W83/><G46/><T125/><D125/><U42/><E42/><AGARI ba="1,2" hai="2,4,11,14,17,20,42,47,50,96,101,104,128,131" machi="42" ten="40,7700,0" yaku="1,1,2,1,52,1,53,0" doraHai="92" doraHaiUra="52" who="2" fromWho="1" sc="260,0,70,-80,240,100,410,0" owari="260,-14.0,-10,-51.0,340,14.0,410,51.0" /></mjloggm>