<mjloggm ver="2.3"><GO type="185" lobby="0"/><UN n0="%E3%81%82%E3%81%9F%E3%82%89%E3%81%AA%E3%81%84%E3%81%A7%EF%BC%81" n1="%E3%83%AA%E3%82%B3%E3%83%BB%E3%83%90%E3%83%B3%E3%83%87%E3%83%A9%E3%82%B9" n2="%E4%BC%8F%E5%B1%8B" n3="" dan="17,17,16,0" rate="2185.17,2205.31,2183.33,1500.00" sx="M,M,M,C"/><TAIKYOKU oya="0"/><INIT seed="0,0,0,5,5,3" ten="350,350,350,0" oya="0" hai0="109,133,57,87,64,67,121,80,60,43,101,70,75" hai1="1,65,74,89,134,115,34,73,66,88,103,48,123" hai2="44,83,35,59,135,36,113,117,39,33,99,122,56" hai3=""/><T129/><N who="0" m="31008" /><T69/><D129/><U110/><N who="1" m="31520" /><U131/><E1/><V78/><N who="2" m="31264" /><V114/><F117/><T77/><D133/><U132/><E131/><V38/><F135/><T49/><D109/><U108/><E103/><V106/><F44/><T55/><D101/><U118/><E48/><V91/><F59/><T72/><D43/><U47/><E47/><V76/><F56/><T127/><D127/><U63/><E63/><AGARI ba="0,0" hai="49,55,57,60,63,64,67,69,70,72,75,77,80,87" m="31008" machi="63" ten="40,3900,0" yaku="9,1,52,1" doraHai="3" who="0" fromWho="1" sc="350,39,350,-39,350,0,0,0" /><INIT seed="0,1,0,0,1,64" ten="389,311,350,0" oya="0" hai0="122,55,32,135,112,33,65,58,107,72,38,53,75" hai1="35,70,77,96,76,63,67,121,115,111,71,103,79" hai2="74,117,101,80,36,47,119,99,86,50,56,81,66" hai3=""/><T57/><N who="0" m="31264" /><T94/><D107/><U45/><N who="1" m="31008" /><U85/><E35/><V48/><F74/><T110/><D38/><U69/><E111/><V44/><F36/><T129/><D112/><U108/><E108/><V42/><F56/><T105/><D105/><U116/><E116/><N who="2" m="44619" /><F66/><T118/><D118/><U84/><E115/><V97/><F101/><T92/><D65/><U126/><E45/><N who="2" m="17483" /><F42/><T37/><D37/><U102/><E126/><V132/><F132/><T39/><D39/><U52/><E52/><V100/><F100/><T43/><D110/><U51/><E51/><N who="2" m="19499" /><F86/><T113/><D113/><U78/><E103/><V114/><F114/><T123/><N who="0" m="31520" /><T124/><D43/><U125/><E125/><V54/><F54/><T41/><D41/><U104/><N who="1" m="19456" /><DORA hai="133" /><U106/><REACH who="1" step="1"/><E106/><REACH who="1" ten="389,301,350,0" step="2"/><V61/><F61/><T82/><D135/><U130/><E130/><V68/><F81/><T83/><D124/><U88/><E88/><V46/><F80/><T73/><D73/><U95/><E95/><V87/><F46/><T131/><AGARI ba="1,1" hai="32,33,53,55,57,58,72,75,82,83,92,94,129,131" m="31520,31264" machi="131" ten="25,8000,1" yaku="0,1,22,2,52,2" doraHai="64,133" who="0" fromWho="0" sc="389,92,301,-41,350,-41,0,0" /><INIT seed="0,2,0,5,3,107" ten="481,260,309,0" oya="0" hai0="120,47,72,46,134,116,51,105,65,48,38,101,2" hai1="106,98,42,61,70,88,118,91,86,60,94,32,1" hai2="93,113,114,110,96,115,63,119,129,111,74,92,64" hai3=""/><T75/><N who="0" m="30752" /><T54/><D116/><U85/><E118/><V109/><F63/><T55/><D2/><U50/><E1/><V128/><F64/><T77/><D134/><U39/><E39/><V99/><F74/><T76/><D65/><U45/><E32/><V95/><REACH who="2" step="1"/><F119/><REACH who="2" ten="481,260,299,0" step="2"/><T124/><D124/><U80/><E70/><V41/><F41/><T84/><D38/><U131/><E131/><AGARI ba="2,1" hai="92,93,95,96,99,109,110,111,113,114,115,128,129,131" machi="131" ten="60,32000,5" yaku="1,1,29,2,28,2,14,1,19,1,34,3,53,3" doraHai="107" doraHaiUra="90" who="2" fromWho="1" sc="481,0,260,-324,299,334,0,0" owari="481,8.0,-64,-66.0,633,58.0,0,0.0" /></mjloggm>