<mjloggm ver="2.3"><GO type="169" lobby="0"/><UN n0="%E8%A9%A9%E6%9A%A2" n1="%E3%81%BE%E3%81%8F%E3%81%A9%E3%81%AA%E3%82%8B%E3%81%AA%E3%82%8B%E3%81%A9" n2="%51%6F%6F%50%65%65" n3="%E3%83%91%E3%83%88%E3%82%AB%E3%83%BC%E7%87%83%E3%82%84%E3%81%99" dan="16,17,16,17" rate="2122.87,2219.89,2106.83,2215.66" sx="F,M,M,F"/><TAIKYOKU oya="0"/><INIT seed="0,0,0,3,4,105" ten="250,250,250,250" oya="0" hai0="95,109,75,3,64,40,114,83,76,16,23,126,49" hai1="132,47,104,82,78,102,115,37,84,98,52,128,100" hai2="48,69,119,124,63,13,26,91,45,123,88,17,60" hai3="35,20,94,73,33,50,21,97,120,72,7,25,122"/><T43/><D114/><U62/><E115/><V42/><F123/><N who="3" m="47147" /><G7/><T41/><D3/><U56/><E132/><V39/><F124/><W67/><G67/><T36/><D36/><U27/><E102/><V125/><F125/><W96/><G50/><T87/><D126/><U134/><E134/><V110/><F110/><W90/><G97/><T80/><D109/><U51/><E27/><V29/><F119/><W2/><G2/><T108/><D95/><U54/><REACH who="1" step="1"/><E37/><REACH who="1" ten="250,240,250,250" step="2"/><V86/><F39/><W113/><G113/><T15/><D108/><U106/><E106/><V28/><F69/><W85/><G96/><T46/><REACH who="0" step="1"/><D64/><REACH who="0" ten="240,240,250,250" step="2"/><U31/><E31/><V11/><F28/><N who="3" m="19599" /><G35/><T4/><D4/><U32/><E32/><V22/><REACH who="2" step="1"/><F91/><AGARI ba="0,2" hai="15,16,23,40,41,43,46,49,75,76,80,83,87,91" machi="91" ten="30,12000,1" yaku="1,1,7,1,52,1,54,1,53,1" doraHai="105" doraHaiUra="44" who="0" fromWho="2" sc="240,140,240,0,250,-120,250,0" /><INIT seed="0,1,0,0,4,119" ten="380,240,130,250" oya="0" hai0="46,125,63,99,41,91,104,118,127,108,27,100,44" hai1="55,76,88,14,43,59,92,84,56,133,13,114,19" hai2="78,121,102,110,30,75,12,80,97,68,112,94,45" hai3="109,82,70,26,115,5,61,83,35,132,128,31,48"/><T34/><D118/><U90/><E133/><V39/><F68/><W129/><G115/><T95/><D108/><U105/><E105/><V38/><F112/><W113/><G113/><T62/><D27/><U16/><E114/><V11/><F110/><W81/><G109/><T50/><D34/><U49/><E43/><V29/><F121/><W103/><G5/><T117/><D46/><U10/><E76/><V1/><F39/><W135/><G103/><T74/><D74/><U32/><E32/><V18/><REACH who="2" step="1"/><F1/><REACH who="2" ten="380,240,120,250" step="2"/><W134/><G48/><T107/><D117/><U57/><REACH who="1" step="1"/><E90/><REACH who="1" ten="380,230,120,250" step="2"/><V23/><F23/><AGARI ba="1,2" hai="10,13,14,16,19,23,49,55,56,57,59,84,88,92" machi="23" ten="30,16000,3" yaku="1,1,2,1,7,1,25,2,8,1,54,2,53,0" doraHai="119" doraHaiUra="28" who="1" fromWho="2" sc="380,0,230,183,120,-163,250,0" owari="380,18.0,413,51.0,-43,-54.0,250,-15.0" /></mjloggm>